@article{Naseer2018TaskgeneralizableAA,
  title={Task-generalizable Adversarial Attack based on Perceptual Metric},
  author={Muzammal Naseer and Salman Hameed Khan and Shafin Rahman and Fatih Murat Porikli},
  journal={arXiv: Computer Vision and Pattern Recognition},
  year={2018}
}

@inproceedings{Subramanian2019RobustnessOA,
  title={Robustness of Adversarial Attacks in Sound Event Classification},
  author={Vinod Subramanian and Emmanouil Benetos and Mark Sandler},
  booktitle={Workshop on Detection and Classification of Acoustic Scenes and Events},
  year={2019}
}

@article{Subramanian2020ASO,
  title={A Study on the Transferability of Adversarial Attacks in Sound Event Classification},
  author={Vinod Subramanian and Arjun Pankajakshan and Emmanouil Benetos and Ning Xu and SKoT McDonald and Mark Sandler},
  journal={ICASSP 2020 - 2020 IEEE International Conference on Acoustics, Speech and Signal Processing (ICASSP)},
  year={2020},
  pages={301-305}
}

@inproceedings{Demontis2018WhyDA,
  title={Why Do Adversarial Attacks Transfer? Explaining Transferability of Evasion and Poisoning Attacks},
  author={Ambra Demontis and Marco Melis and Maura Pintor and Matthew Jagielski and Battista Biggio and Alina Oprea and Cristina Nita-Rotaru and Fabio Roli},
  booktitle={USENIX Security Symposium},
  year={2018}
}

@inproceedings{Yuan2020OnTT,
  title={On the Transferability of Adversarial Attacks against Neural Text Classifier},
  author={Liping Yuan and Xiaoqing Zheng and Yi Zhou and Cho-Jui Hsieh and Kai-Wei Chang},
  booktitle={Conference on Empirical Methods in Natural Language Processing},
  year={2020}
}

@inproceedings{Naseer2019CrossDomainTO,
  title={Cross-Domain Transferability of Adversarial Perturbations},
  author={Muzammal Naseer and Salman Hameed Khan and M. H. Khan and Fahad Shahbaz Khan and Fatih Murat Porikli},
  booktitle={Neural Information Processing Systems},
  year={2019}
}

@article{Liu2016DelvingIT,
  title={Delving into Transferable Adversarial Examples and Black-box Attacks},
  author={Yanpei Liu and Xinyun Chen and Chang Liu and Dawn Xiaodong Song},
  journal={ArXiv},
  year={2016},
  volume={abs/1611.02770}
}

@article{Elhage2022ToyMO,
  title={Toy Models of Superposition},
  author={Nelson Elhage and Tristan Hume and Catherine Olsson and Nicholas Schiefer and T. J. Henighan and Shauna Kravec and Zac Hatfield-Dodds and Robert Lasenby and Dawn Drain and Carol Chen and Roger Baker Grosse and Sam McCandlish and Jared Kaplan and Dario Amodei and Martin Wattenberg and Christopher Olah},
  journal={ArXiv},
  year={2022},
  volume={abs/2209.10652}
}

@article{Kurakin2016AdversarialML,
  title={Adversarial Machine Learning at Scale},
  author={Alexey Kurakin and Ian J. Goodfellow and Samy Bengio},
  journal={ArXiv},
  year={2016},
  volume={abs/1611.01236}
}

@article{Goodfellow2014ExplainingAH,
  title={Explaining and Harnessing Adversarial Examples},
  author={Ian J. Goodfellow and Jonathon Shlens and Christian Szegedy},
  journal={CoRR},
  year={2014},
  volume={abs/1412.6572}
}

@article{He2015DelvingDI,
  title={Delving Deep into Rectifiers: Surpassing Human-Level Performance on ImageNet Classification},
  author={Kaiming He and X. Zhang and Shaoqing Ren and Jian Sun},
  journal={2015 IEEE International Conference on Computer Vision (ICCV)},
  year={2015},
  pages={1026-1034}
}

@misc{NatAbsHyp,
  title = {Natural Abstraction},
  howpublished = {\url{https://www.alignmentforum.org/tag/natural-abstraction#:~:text=The\%20Natural\%20Abstraction\%20hypothesis\%20says,dimensional\%20than\%20the\%20system\%20itself}},
  note = {Accessed: 2023-01-28}
}


@article{Russakovsky2014ImageNetLS,
  title={ImageNet Large Scale Visual Recognition Challenge},
  author={Olga Russakovsky and Jia Deng and Hao Su and Jonathan Krause and Sanjeev Satheesh and Sean Ma and Zhiheng Huang and Andrej Karpathy and Aditya Khosla and Michael S. Bernstein and Alexander C. Berg and Li Fei-Fei},
  journal={International Journal of Computer Vision},
  year={2014},
  volume={115},
  pages={211-252}
}

@inproceedings{Le2015TinyIV,
  title={Tiny ImageNet Visual Recognition Challenge},
  author={Ya Le and Xuan S. Yang},
  year={2015}
}

@article{Simonyan2014VeryDC,
  title={Very Deep Convolutional Networks for Large-Scale Image Recognition},
  author={Karen Simonyan and Andrew Zisserman},
  journal={CoRR},
  year={2014},
  volume={abs/1409.1556}
}

@article{He2015DeepRL,
  title={Deep Residual Learning for Image Recognition},
  author={Kaiming He and X. Zhang and Shaoqing Ren and Jian Sun},
  journal={2016 IEEE Conference on Computer Vision and Pattern Recognition (CVPR)},
  year={2015},
  pages={770-778}
}

@article{Huang2016DenselyCC,
  title={Densely Connected Convolutional Networks},
  author={Gao Huang and Zhuang Liu and Kilian Q. Weinberger},
  journal={2017 IEEE Conference on Computer Vision and Pattern Recognition (CVPR)},
  year={2016},
  pages={2261-2269}
}

@misc{FeatVizualize,
  title = {Feature Visualization},
  howpublished = {\url{https://distill.pub/2017/feature-visualization/}},
  note = {Accessed: 2023-01-28}
}